@misc{sciences2014developing,
      title={Developing a 21st Century Global Library for Mathematics Research}, 
      author={Committee on Planning a Global Library of the Mathematical Sciences},
      year={2014},
      eprint={1404.1905},
      archivePrefix={arXiv},
      primaryClass={math.HO}
}


@misc{sophize_datamodel, 
title={Sophize datamodel}, 
url={https://github.com/Sophize/datamodel-json}, 
journal={GitHub}, 
howpublished={\url{https://github.com/Sophize/datamodel-json}}
}


@misc{markdown_it, title={markdown-it parser}, url={https://github.com/markdown-it/markdown-it}, journal={GitHub},
howpublished={\url{https://github.com/markdown-it/markdown-it}}
}

@misc{pandoc, title={Pandoc User's Guide}, url={https://pandoc.org/MANUAL.html#math}, journal={Pandoc},
howpublished={\url{https://pandoc.org/MANUAL.html#math}}}

@misc{ginev2019scientific,
      title={Scientific Statement Classification over arXiv.org}, 
      author={Deyan Ginev and Bruce R. Miller},
      year={2019},
      eprint={1908.10993},
      archivePrefix={arXiv},
      primaryClass={cs.CL}
}

@Article{Kohlhase2008,
author={Kohlhase, Michael},
title={Using LaTeX as a Semantic Markup Format},
journal={Mathematics in Computer Science},
year={2008},
month={Dec},
day={01},
volume={2},
number={2},
pages={279-304},
issn={1661-8289},
doi={10.1007/s11786-008-0055-5},
url={https://doi.org/10.1007/s11786-008-0055-5}
}

 @Book{metamath,
      author = {Norman D. Megill},
      author = {David A. Wheeler},
      title = {Metamath: A Computer Language for Mathematical Proofs},
      year = {2019},
      publisher = {Lulu Press},
      address = {Morrisville, North Carolina},
      note = {{\tt http://us.metamath.org/downloads/metamath.pdf}},
    }